<?xml version="1.0" encoding="UTF-8"?>
<record xmlns="http://www.loc.gov/MARC21/slim" xmlns:xsi="http://www.w3.org/2001/XMLSchema-instance" xsi:schemaLocation="http://www.loc.gov/MARC21/slim http://www.loc.gov/standards/marcxml/schema/MARC21slim.xsd">
<leader>     nam a2200337 a 4500</leader>
<controlfield tag="001">001576886</controlfield>
<controlfield tag="003">NNU</controlfield>
<controlfield tag="005">20061010173116.0</controlfield>
<controlfield tag="008">991026s1966    iq       b    001 0carax</controlfield>
<datafield tag="010" ind1=" " ind2=" ">
<subfield code="a">NE 67001289</subfield>
</datafield>
<datafield tag="035" ind1="9" ind2=" ">
<subfield code="a">NYUb12081589</subfield>
</datafield>
<datafield tag="035" ind1=" " ind2=" ">
<subfield code="a">(CStRLIN)NYUG99-B2581</subfield>
</datafield>
<datafield tag="040" ind1=" " ind2=" ">
<subfield code="c">NN</subfield>
<subfield code="d">NN</subfield>
<subfield code="d">NNU</subfield>
</datafield>
<datafield tag="043" ind1=" " ind2=" ">
<subfield code="a">ma</subfield>
</datafield>
<datafield tag="050" ind1="0" ind2=" ">
<subfield code="a">DS37.3</subfield>
<subfield code="b">.D8 1966</subfield>
</datafield>
<datafield tag="066" ind1=" " ind2=" ">
<subfield code="c">(3</subfield>
</datafield>
<datafield tag="090" ind1=" " ind2=" ">
<subfield code="a">DS37.3</subfield>
<subfield code="b">.D8 1966</subfield>
</datafield>
<datafield tag="100" ind1="1" ind2=" ">
<subfield code="6">880-01</subfield>
<subfield code="a">Dujaylī, ʻAbd al-Ṣāḥib ibn ʻImrān.</subfield>
</datafield>
<datafield tag="245" ind1="1" ind2="0">
<subfield code="6">880-02</subfield>
<subfield code="a">Aʻlām al-ʻArab fī al-ʻulūm wa-al-funūn /</subfield>
<subfield code="c">taʼlīf ʻAbd al-Ṣāḥib ʻImrān al-Dujaylī.</subfield>
</datafield>
<datafield tag="246" ind1="1" ind2="5">
<subfield code="a">Aʻalam al-Arab fi al-uʻloom wal-fu-noon</subfield>
</datafield>
<datafield tag="250" ind1=" " ind2=" ">
<subfield code="6">880-03</subfield>
<subfield code="a">al-Ṯabʻah 2</subfield>
</datafield>
<datafield tag="260" ind1=" " ind2=" ">
<subfield code="6">880-04</subfield>
<subfield code="a">al-Najaf :</subfield>
<subfield code="b">Maṭbaʻat al-Nuʻmān,</subfield>
<subfield code="c">1966.</subfield>
</datafield>
<datafield tag="300" ind1=" " ind2=" ">
<subfield code="a">3 v. ;</subfield>
<subfield code="c">26 cm.</subfield>
</datafield>
<datafield tag="500" ind1=" " ind2=" ">
<subfield code="a">In Arabic</subfield>
</datafield>
<datafield tag="500" ind1=" " ind2=" ">
<subfield code="a">380 biographies covering the 7th-18th cents. arranged chonologically.</subfield>
</datafield>
<datafield tag="504" ind1=" " ind2=" ">
<subfield code="a">Bibliography: v. 3, p. 253-271</subfield>
</datafield>
<datafield tag="651" ind1=" " ind2="0">
<subfield code="a">Islamic countries</subfield>
<subfield code="v">Biography.</subfield>
</datafield>
<datafield tag="880" ind1="1" ind2=" ">
<subfield code="6">100-01/</subfield>
<subfield code="a">دجيلي، عبد الصاحب بن عمران.</subfield>
</datafield>
<datafield tag="880" ind1="1" ind2="0">
<subfield code="6">245-02/</subfield>
<subfield code="a">أعلام العرب في العلوم والفنون /</subfield>
<subfield code="c">تأليف عبد الصاحب عمران الدجيلي.</subfield>
</datafield>
<datafield tag="880" ind1=" " ind2=" ">
<subfield code="6">250-03/</subfield>
<subfield code="a">الطبعة ٢.</subfield>
</datafield>
<datafield tag="880" ind1=" " ind2=" ">
<subfield code="6">260-04/</subfield>
<subfield code="a">النجف :</subfield>
<subfield code="b">مطبعة النعمان،</subfield>
<subfield code="c">١٩٦٦.</subfield>
</datafield>
<datafield tag="OWN" ind1=" " ind2=" ">
<subfield code="a">GENERAL</subfield>
</datafield>
<datafield tag="998" ind1=" " ind2=" ">
<subfield code="a">19991026</subfield>
<subfield code="d">19991026</subfield>
<subfield code="d">20020918</subfield>
<subfield code="n">NNU</subfield>
<subfield code="s">1</subfield>
<subfield code="t">c</subfield>
<subfield code="z">e</subfield>
</datafield>
<datafield tag="AVA" ind1=" " ind2=" ">
<subfield code="a">NYU50</subfield>
<subfield code="b">BOBST</subfield>
<subfield code="c">Main Collection</subfield>
<subfield code="d">DS37.3 .D8 1966</subfield>
<subfield code="e">unavailable</subfield>
<subfield code="t">Unavailable</subfield>
<subfield code="f">3</subfield>
<subfield code="g">3</subfield>
<subfield code="h">Y</subfield>
<subfield code="i">0</subfield>
<subfield code="j">MAIN</subfield>
<subfield code="k">0</subfield>
</datafield>
</record>
